@article {tits,
    AUTHOR = {Tits, J.},
     TITLE = {Sur certaines classes d'espaces homog\`enes de groupes de {L}ie},
   JOURNAL = {Acad. Roy. Belg. Cl. Sci. M\'{e}m. Coll. in 8$^\circ$},
  FJOURNAL = {Acad\'{e}mie Royale de Belgique. Classe des Sciences. M\'{e}moires.
              Collection in-8$^\circ$. Koninklijke Belgische Academie.
              Klasse der Wetenschappen. Verhandelingen. Verzameling
              in-8$^\circ$},
    VOLUME = {29},
      YEAR = {1955},
    NUMBER = {3},
     PAGES = {268},
      ISSN = {0365-0936},
   MRCLASS = {17.0X},
  MRNUMBER = {76286},
MRREVIEWER = {L. Auslander},
}

@article {dyubina-polterovich,
    AUTHOR = {Dyubina, A. and Polterovich, I.},
     TITLE = {Explicit constructions of universal {$\Bbb R$}-trees and
              asymptotic geometry of hyperbolic spaces},
   JOURNAL = {Bull. London Math. Soc.},
  FJOURNAL = {The Bulletin of the London Mathematical Society},
    VOLUME = {33},
      YEAR = {2001},
    NUMBER = {6},
     PAGES = {727--734},
      ISSN = {0024-6093},
   MRCLASS = {57M07 (20F67 53C23 54F50)},
  MRNUMBER = {1853785},
       DOI = {10.1112/S002460930100844X},
       URL = {https://doi.org/10.1112/S002460930100844X},
}

@MISC {rourke,
    TITLE = {Which metric spaces have this superposition property?},
    AUTHOR = {J. O'Rourke},
    HOWPUBLISHED = {MathOverflow},
   % NOTE = {URL:https://mathoverflow.net/q/118008 (version: 2014-09-25)},
    EPRINT = {https://mathoverflow.net/q/118008},
   % URL = {https://mathoverflow.net/q/118008}
}
